@book{4Para,
   author = {Hey, Anthony JG and Tansley, Stewart and Tolle, Kristin M},
   title = {The fourth paradigm: data-intensive scientific discovery},
   publisher = {Microsoft research Redmond, WA},
   volume = {1},
   year = {2009},
   type = {Book}
}

@article{AutoReview,
   author = {Tabor, Daniel P. and Roch, Loïc M. and Saikin, Semion K. and Kreisbeck, Christoph and Sheberla, Dennis and Montoya, Joseph H. and Dwaraknath, Shyam and Aykol, Muratahan and Ortiz, Carlos and Tribukait, Hermann and Amador-Bedolla, Carlos and Brabec, Christoph J. and Maruyama, Benji and Persson, Kristin A. and Aspuru-Guzik, Alán},
   title = {Accelerating the discovery of materials for clean energy in the era of smart automation},
   journal = {Nature Reviews Materials},
   volume = {3},
   number = {5},
   pages = {5-20},
   ISSN = {2058-8437},
   DOI = {10.1038/s41578-018-0005-z},
   year = {2018},
   type = {Journal Article}
}

@article{ML_in_MatInfo,
   author = {Ramprasad, Rampi and Batra, Rohit and Pilania, Ghanshyam and Mannodi-Kanakkithodi, Arun and Kim, Chiho},
   title = {Machine learning in materials informatics: recent applications and prospects},
   journal = {npj Computational Materials},
   volume = {3},
   number = {1},
   pages = {54},
   ISSN = {2057-3960},
   DOI = {10.1038/s41524-017-0056-5},
   year = {2017},
   type = {Journal Article}
}

@article{bayesianAuto,
   author = {Talapatra, Anjana and Boluki, S. and Duong, T. and Qian, X. and Dougherty, E. and Arróyave, R.},
   title = {Autonomous efficient experiment design for materials discovery with Bayesian model averaging},
   journal = {Physical Review Materials},
   volume = {2},
   number = {11},
   pages = {113803},
   DOI = {10.1103/PhysRevMaterials.2.113803},
   year = {2018},
   type = {Journal Article}
}

@article{ALCat,
   author = {Tran, Kevin and Ulissi, Zachary W.},
   title = {Active learning across intermetallics to guide discovery of electrocatalysts for CO2 reduction and H2 evolution},
   journal = {Nature Catalysis},
   volume = {1},
   number = {9},
   pages = {696-703},
   ISSN = {2520-1158},
   DOI = {10.1038/s41929-018-0142-1},
   year = {2018},
   type = {Journal Article}
}

@article{CAWgamma,
   author = {Lass, Eric A. and Williams, Maureen E. and Campbell, Carelyn E. and Moon, Kil-Won and Kattner, Ursula R.},
   title = {gamma' Phase Stability and Phase Equilibrium in Ternary Co-Al-W at 900 A degrees C},
   journal = {Journal of Phase Equilibria and Diffusion},
   volume = {35},
   number = {6},
   pages = {711-723},
   ISSN = {1547-7037},
   DOI = {10.1007/s11669-014-0346-2},
   year = {2014},
   type = {Journal Article}
}

@article{Catalyst,
   author = {Seh, Zhi Wei and Kibsgaard, Jakob and Dickens, Colin F. and Chorkendorff, Ib and Nørskov, Jens K. and Jaramillo, Thomas F.},
   title = {Combining theory and experiment in electrocatalysis: Insights into materials design},
   journal = {Science},
   volume = {355},
   number = {6321},
   pages = {eaad4998},
   DOI = {10.1126/science.aad4998},
   year = {2017},
   type = {Journal Article}
}


@article{AutoExper,
  title = {Autonomous efficient experiment design for materials discovery with Bayesian model averaging},
  author = {Talapatra, Anjana and Boluki, S. and Duong, T. and Qian, X. and Dougherty, E. and Arr\'oyave, R.},
  journal = {Phys. Rev. Materials},
  volume = {2},
  issue = {11},
  pages = {113803},
  numpages = {18},
  year = {2018},
  month = {Nov},
  publisher = {American Physical Society},
  doi = {10.1103/PhysRevMaterials.2.113803},
}

@article{FrontierMGI,
   author = {de Pablo, Juan J. and Jackson, Nicholas E. and Webb, Michael A. and Chen, Long-Qing and Moore, Joel E. and Morgan, Dane and Jacobs, Ryan and Pollock, Tresa and Schlom, Darrell G. and Toberer, Eric S. and Analytis, James and Dabo, Ismaila and DeLongchamp, Dean M. and Fiete, Gregory A. and Grason, Gregory M. and Hautier, Geoffroy and Mo, Yifei and Rajan, Krishna and Reed, Evan J. and Rodriguez, Efrain and Stevanovic, Vladan and Suntivich, Jin and Thornton, Katsuyo and Zhao, Ji-Cheng},
   title = {New frontiers for the materials genome initiative},
   journal = {npj Computational Materials},
   volume = {5},
   number = {1},
   pages = {41},
   ISSN = {2057-3960},
   DOI = {10.1038/s41524-019-0173-4},
   year = {2019},
   type = {Journal Article}
}

@article{MatDataSci,
   author = {Kalidindi, Surya R. and Graef, Marc De},
   title = {Materials Data Science: Current Status and Future Outlook},
   journal = {Annual Review of Materials Research},
   volume = {45},
   number = {1},
   pages = {171-193},
   DOI = {10.1146/annurev-matsci-070214-020844},
   year = {2015},
   type = {Journal Article}
}

@article{XtalStability,
   author = {Ye, Weike and Chen, Chi and Wang, Zhenbin and Chu, Iek-Heng and Ong, Shyue Ping},
   title = {Deep neural networks for accurate predictions of crystal stability},
   journal = {Nature Communications},
   volume = {9},
   number = {1},
   pages = {3800},
   ISSN = {2041-1723},
   DOI = {10.1038/s41467-018-06322-x},
   year = {2018},
   type = {Journal Article}
}

@article{gbdynamics,
   author = {Sharp, Tristan A. and Thomas, Spencer L. and Cubuk, Ekin D. and Schoenholz, Samuel S. and Srolovitz, David J. and Liu, Andrea J.},
   title = {Machine learning determination of atomic dynamics at grain boundaries},
   journal = {Proceedings of the National Academy of Sciences},
   DOI = {10.1073/pnas.1807176115},
   year = {2018},
   type = {Journal Article}
}


@article{defect_in_EM,
   author = {Li, Wei and Field, Kevin G. and Morgan, Dane},
   title = {Automated defect analysis in electron microscopic images},
   journal = {npj Computational Materials},
   volume = {4},
   number = {1},
   pages = {36},
   ISSN = {2057-3960},
   DOI = {10.1038/s41524-018-0093-8},
   year = {2018},
   type = {Journal Article}
}

@article{MatProj,
   author = {Jain, Anubhav and Ong, Shyue Ping and Hautier, Geoffroy and Chen, Wei and Richards, William Davidson and Dacek, Stephen and Cholia, Shreyas and Gunter, Dan and Skinner, David and Ceder, Gerbrand and Persson, Kristin A.},
   title = {Commentary: The Materials Project: A materials genome approach to accelerating materials innovation},
   journal = {APL Materials},
   volume = {1},
   number = {1},
   pages = {011002},
   DOI = {10.1063/1.4812323},
   year = {2013},
   type = {Journal Article}
}

@article{Zeolite,
   author = {Jensen, Zach and Kim, Edward and Kwon, Soonhyoung and Gani, Terry Z. H. and Román-Leshkov, Yuriy and Moliner, Manuel and Corma, Avelino and Olivetti, Elsa},
   title = {A Machine Learning Approach to Zeolite Synthesis Enabled by Automatic Literature Data Extraction},
   journal = {ACS Central Science},
   volume = {5},
   number = {5},
   pages = {892-899},
   ISSN = {2374-7943},
   DOI = {10.1021/acscentsci.9b00193},
   year = {2019},
   type = {Journal Article}
}

@article{TBJoule,
   author = {Correa-Baena, Juan-Pablo and Hippalgaonkar, Kedar and van Duren, Jeroen and Jaffer, Shaffiq and Chandrasekhar, Vijay R. and Stevanovic, Vladan and Wadia, Cyrus and Guha, Supratik and Buonassisi, Tonio},
   title = {Accelerating Materials Development via Automation, Machine Learning, and High-Performance Computing},
   journal = {Joule},
   volume = {2},
   number = {8},
   pages = {1410-1420},
   ISSN = {2542-4351},
   DOI = {10.1016/j.joule.2018.05.009},
   year = {2018},
   type = {Journal Article}
}

@article{CederTM,
   author = {Tshitoyan, Vahe and Dagdelen, John and Weston, Leigh and Dunn, Alexander and Rong, Ziqin and Kononova, Olga and Persson, Kristin A. and Ceder, Gerbrand and Jain, Anubhav},
   title = {Unsupervised word embeddings capture latent knowledge from materials science literature},
   journal = {Nature},
   volume = {571},
   number = {7763},
   pages = {95-98},
   ISSN = {1476-4687},
   DOI = {10.1038/s41586-019-1335-8},
   year = {2019},
   type = {Journal Article}
}

@article{NanoMine,
   author = {Zhao, He and Wang, Yixing and Lin, Anqi and Hu, Bingyin and Yan, Rui and McCusker, James and Chen, Wei and McGuinness, Deborah L. and Schadler, Linda and Brinson, L. Catherine},
   title = {NanoMine schema: An extensible data representation for polymer nanocomposites},
   journal = {APL Materials},
   volume = {6},
   number = {11},
   pages = {111108},
   DOI = {10.1063/1.5046839},
   year = {2018},
   type = {Journal Article}
}

@article{LiBatCalc,
   author = {Miara, Lincoln J. and Richards, William Davidson and Wang, Yan E. and Ceder, Gerbrand},
   title = {First-Principles Studies on Cation Dopants and Electrolyte|Cathode Interphases for Lithium Garnets},
   journal = {Chemistry of Materials},
   volume = {27},
   number = {11},
   pages = {4040-4047},
   ISSN = {0897-4756
1520-5002},
   DOI = {10.1021/acs.chemmater.5b01023},
   year = {2015},
   type = {Journal Article}
}

@article{CombiCuZn,
   author = {Woods-Robinson, Rachel and Han, Yanbing and Mangum, John S. and Melamed, Celeste L. and Gorman, Brian P. and Mehta, Apurva and Persson, Kristin A. and Zakutayev, Andriy},
   title = {Combinatorial Tuning of Structural and Optoelectronic Properties in CuxZn1-xS},
   journal = {Matter},
   volume = {1},
   number = {4},
   pages = {862-880},
   ISSN = {2590-2393},
   DOI = {10.1016/j.matt.2019.06.019},
   year = {2019},
   type = {Journal Article}
}


@article{ICSD,
    author = "Bergerhoff, G. and Hundt, R. and Sievers, R. and Brown, ID",
    doi = "10.1021/ci00038a003",
    journal = "Journal of Chemical Information and Computer Sciences",
    keywords = "icsd",
    mendeley-tags = "icsd",
    number = "2",
    pages = "66--69",
    publisher = "ACS Publications",
    title = "{The inorganic crystal structure data base}",
    volume = "23",
    year = "1983"
}

@article{FailedExp,
   author = {Raccuglia, P. and Elbert, K. C. and Adler, P. D. F. and Falk, C. and Wenny, M. B. and Mollo, A. and Zeller, M. and Friedler, S. A. and Schrier, J. and Norquist, A. J.},
   title = {Machine-learning-assisted materials discovery using failed experiments},
   journal = {Nature},
   volume = {533},
   number = {7601},
   pages = {73-76},
   DOI = {10.1038/nature17439},
   year = {2016},
   type = {Journal Article}
}

@article{TiNiCu,
   author = {Hui, Jian and Ma, Haiqian and Wu, Zheyu and Zhang, Zhan and Ren, Yang and Zhang, Hengrui and Zhang, Lanting and Wang, Hong},
   title = {High-throughput investigation of crystal-to-glass transformation of Ti–Ni–Cu ternary alloy},
   journal = {Scientific Reports},
   volume = {9},
   number = {1},
   pages = {19932},
   ISSN = {2045-2322},
   DOI = {10.1038/s41598-019-56129-z},
   year = {2019},
   type = {Journal Article}
}


@article{EBSD_ML,
   author = {Kaufmann, Kevin and Zhu, Chaoyi and Rosengarten, Alexander S. and Maryanovsky, Daniel and Harrington, Tyler J. and Marin, Eduardo and Vecchio, Kenneth S.},
   title = {Crystal symmetry determination in electron diffraction using machine learning},
   journal = {Science},
   volume = {367},
   number = {6477},
   pages = {564-568},
   DOI = {10.1126/science.aay3062},
   year = {2020},
   type = {Journal Article}
}

@article{InverseMolDesign,
   author = {Sanchez-Lengeling, Benjamin and Aspuru-Guzik, Alán},
   title = {Inverse molecular design using machine learning: Generative models for matter engineering},
   journal = {Science},
   volume = {361},
   number = {6400},
   pages = {360-365},
   DOI = {10.1126/science.aat2663},
   year = {2018},
   type = {Journal Article}
}

@article{MOFScreen,
   author = {Boyd, Peter G. and Chidambaram, Arunraj and García-Díez, Enrique and Ireland, Christopher P. and Daff, Thomas D. and Bounds, Richard and Gładysiak, Andrzej and Schouwink, Pascal and Moosavi, Seyed Mohamad and Maroto-Valer, M. Mercedes and Reimer, Jeffrey A. and Navarro, Jorge A. R. and Woo, Tom K. and Garcia, Susana and Stylianou, Kyriakos C. and Smit, Berend},
   title = {Data-driven design of metal–organic frameworks for wet flue gas CO2 capture},
   journal = {Nature},
   volume = {576},
   number = {7786},
   pages = {253-256},
   ISSN = {1476-4687},
   DOI = {10.1038/s41586-019-1798-7},
   year = {2019},
   type = {Journal Article}
}

@article{LEDScreen,
   author = {Gómez-Bombarelli, Rafael and Aguilera-Iparraguirre, Jorge and Hirzel, Timothy D. and Duvenaud, David and Maclaurin, Dougal and Blood-Forsythe, Martin A. and Chae, Hyun Sik and Einzinger, Markus and Ha, Dong-Gwang and Wu, Tony and Markopoulos, Georgios and Jeon, Soonok and Kang, Hosuk and Miyazaki, Hiroshi and Numata, Masaki and Kim, Sunghan and Huang, Wenliang and Hong, Seong Ik and Baldo, Marc and Adams, Ryan P. and Aspuru-Guzik, Alán},
   title = {Design of efficient molecular organic light-emitting diodes by a high-throughput virtual screening and experimental approach},
   journal = {Nature Materials},
   volume = {15},
   pages = {1120},
   DOI = {10.1038/nmat4717},
   year = {2016},
   type = {Journal Article}
}

@article{Piezoelectrics,
   author = {Yuan, R. H. and Liu, Z. and Balachandran, P. V. and Xue, D. Q. and Zhou, Y. M. and Ding, X. D. and Sun, J. and Xue, D. Z. and Lookman, T.},
   title = {Accelerated Discovery of Large Electrostrains in BaTiO3-Based Piezoelectrics Using Active Learning},
   journal = {Advanced Materials},
   volume = {30},
   number = {7},
   pages = {8},
   ISSN = {0935-9648},
   DOI = {10.1002/adma.201702884},
   year = {2018},
   type = {Journal Article}
}

@article{CAWcalphad,
   author = {Wang, Peisheng and Xiong, Wei and Kattner, Ursula R. and Campbell, Carelyn E. and Lass, Eric A. and Kontsevoi, Oleg Y. and Olson, Gregory B.},
   title = {Thermodynamic re-assessment of the Al-Co-W system},
   journal = {Calphad},
   volume = {59},
   pages = {112-130},
   ISSN = {03645916},
   DOI = {10.1016/j.calphad.2017.09.007},
   year = {2017},
   type = {Journal Article}
}


@article{Optoelectronic,
   author = {Ma, Xing-Yu and Lewis, James P. and Yan, Qing-Bo and Su, Gang},
   title = {Accelerated Discovery of Two-Dimensional Optoelectronic Octahedral Oxyhalides via High-Throughput Ab Initio Calculations and Machine Learning},
   journal = {The Journal of Physical Chemistry Letters},
   volume = {10},
   number = {21},
   pages = {6734-6740},
   DOI = {10.1021/acs.jpclett.9b02420},
   year = {2019},
   type = {Journal Article}
}

@article{FeCoNiACS,
   author = {Xing, H. and Zhao, B. and Wang, Y. and Zhang, X. and Ren, Y. and Yan, N. and Gao, T. and Li, J. and Zhang, L. and Wang, H.},
   title = {Rapid Construction of Fe-Co-Ni Composition-Phase Map by Combinatorial Materials Chip Approach},
   journal = {ACS Comb Sci},
   volume = {20},
   number = {3},
   pages = {127-131},
   ISSN = {2156-8944 (Electronic)
2156-8944 (Linking)},
   DOI = {10.1021/acscombsci.7b00171},
   year = {2018},
   type = {Journal Article}
}


@article{he1999,
  author       = {何闻},
  date         = {1999},
  journaltitle = {机电工程},
  number       = {2},
  pages        = {47--49},
  title        = {标准动态力发生装置国内外研究现状},
}

